@ARTICLE{bailin03,
   author = {{Bailin}, J.},
    title = "{Evidence for Coupling between the Sagittarius Dwarf Galaxy and the Milky Way Warp}",
  journal = {\apjl},
   eprint = {arXiv:astro-ph/0301014},
 keywords = {Galaxies: Individual: Name: Sagittarius dSph, Galaxies: Interactions, Galaxy: Disk, Galaxy: Halo, Galaxy: Kinematics and Dynamics},
     year = 2003,
    month = feb,
   volume = 583,
    pages = {L79-L82},
      doi = {10.1086/368160},
   adsurl = {http://adsabs.harvard.edu/abs/2003ApJ...583L..79B},
  adsnote = {Provided by the SAO/NASA Astrophysics Data System}
}

@ARTICLE{bailin05,
   author = {{Bailin}, J. and {Kawata}, D. and {Gibson}, B.~K. and {Steinmetz}, M. and 
	{Navarro}, J.~F. and {Brook}, C.~B. and {Gill}, S.~P.~D. and 
	{Ibata}, R.~A. and {Knebe}, A. and {Lewis}, G.~F. and {Okamoto}, T.
	},
    title = "{Internal Alignment of the Halos of Disk Galaxies in Cosmological Hydrodynamic Simulations}",
  journal = {\apjl},
   eprint = {arXiv:astro-ph/0505523},
 keywords = {Cosmology: Dark Matter, Galaxies: Evolution, Galaxies: Formation, Galaxies: Halos, Galaxies: Spiral},
     year = 2005,
    month = jul,
   volume = 627,
    pages = {L17-L20},
      doi = {10.1086/432157},
   adsurl = {http://adsabs.harvard.edu/abs/2005ApJ...627L..17B},
  adsnote = {Provided by the SAO/NASA Astrophysics Data System}
}

@ARTICLE{bellazzini06,
   author = {{Bellazzini}, M. and {Newberg}, H.~J. and {Correnti}, M. and 
	{Ferraro}, F.~R. and {Monaco}, L.},
    title = "{Detection of a population gradient in the Sagittarius stream}",
  journal = {\aap},
   eprint = {arXiv:astro-ph/0608513},
 keywords = {galaxies: dwarf, galaxies: evolution, stars: horizontal-branch},
     year = 2006,
    month = oct,
   volume = 457,
    pages = {L21-L24},
      doi = {10.1051/0004-6361:20066002},
   adsurl = {http://adsabs.harvard.edu/abs/2006A%26A...457L..21B},
  adsnote = {Provided by the SAO/NASA Astrophysics Data System}
}

@ARTICLE{belokurov06,
   author = {{Belokurov}, V. and {Zucker}, D.~B. and {Evans}, N.~W. and {Gilmore}, G. and 
	{Vidrih}, S. and {Bramich}, D.~M. and {Newberg}, H.~J. and {Wyse}, R.~F.~G. and 
	{Irwin}, M.~J. and {Fellhauer}, M. and {Hewett}, P.~C. and {Walton}, N.~A. and 
	{Wilkinson}, M.~I. and {Cole}, N. and {Yanny}, B. and {Rockosi}, C.~M. and 
	{Beers}, T.~C. and {Bell}, E.~F. and {Brinkmann}, J. and {Ivezi{\'c}}, {\v Z}. and 
	{Lupton}, R.},
    title = "{The Field of Streams: Sagittarius and Its Siblings}",
  journal = {\apjl},
   eprint = {arXiv:astro-ph/0605025},
 keywords = {Galaxies: Individual: Name: Sagittarius dSph, Galaxies: Kinematics and Dynamics, Galaxies: Structure, Galaxy: Halo, Galaxies: Local Group},
     year = 2006,
    month = may,
   volume = 642,
    pages = {L137-L140},
      doi = {10.1086/504797},
   adsurl = {http://adsabs.harvard.edu/abs/2006ApJ...642L.137B},
  adsnote = {Provided by the SAO/NASA Astrophysics Data System}
}

@ARTICLE{belokurov07,
   author = {{Belokurov}, V. and {Evans}, N.~W. and {Irwin}, M.~J. and {Lynden-Bell}, D. and 
	{Yanny}, B. and {Vidrih}, S. and {Gilmore}, G. and {Seabroke}, G. and 
	{Zucker}, D.~B. and {Wilkinson}, M.~I. and {Hewett}, P.~C. and 
	{Bramich}, D.~M. and {Fellhauer}, M. and {Newberg}, H.~J. and 
	{Wyse}, R.~F.~G. and {Beers}, T.~C. and {Bell}, E.~F. and {Barentine}, J.~C. and 
	{Brinkmann}, J. and {Cole}, N. and {Pan}, K. and {York}, D.~G.
	},
    title = "{An Orphan in the ``Field of Streams''}",
  journal = {\apj},
   eprint = {arXiv:astro-ph/0605705},
 keywords = {Galaxies: Kinematics and Dynamics, Galaxies: Structure, Galaxies: Local Group},
     year = 2007,
    month = mar,
   volume = 658,
    pages = {337-344},
      doi = {10.1086/511302},
   adsurl = {http://adsabs.harvard.edu/abs/2007ApJ...658..337B},
  adsnote = {Provided by the SAO/NASA Astrophysics Data System}
}

@ARTICLE{belokurov13,
   author = {{Belokurov}, V. and {Koposov}, S.~E. and {Evans}, N.~W. and 
	{Pe{\~n}arrubia}, J. and {Irwin}, M.~J. and {Smith}, M.~C. and 
	{Lewis}, G.~F. and {Gieles}, M. and {Wilkinson}, M. and {Gilmore}, G. and 
	{Olszewski}, E.~W. and {Niederste-Ostholt}, M.~N.},
    title = "{Precession of the Sagittarius stream}",
  journal = {ArXiv e-prints},
archivePrefix = "arXiv",
   eprint = {1301.7069},
 primaryClass = "astro-ph.GA",
 keywords = {Astrophysics - Galaxy Astrophysics},
     year = 2013,
    month = jan,
   adsurl = {http://adsabs.harvard.edu/abs/2013arXiv1301.7069B},
  adsnote = {Provided by the SAO/NASA Astrophysics Data System}
}

@ARTICLE{benedict11,
   author = {{Benedict}, G.~F. and {McArthur}, B.~E. and {Feast}, M.~W. and 
	{Barnes}, T.~G. and {Harrison}, T.~E. and {Bean}, J.~L. and 
	{Menzies}, J.~W. and {Chaboyer}, B. and {Fossati}, L. and {Nesvacil}, N. and 
	{Smith}, H.~A. and {Kolenberg}, K. and {Laney}, C.~D. and {Kochukhov}, O. and 
	{Nelan}, E.~P. and {Shulyak}, D.~V. and {Taylor}, D. and {Freedman}, W.~L.
	},
    title = "{Distance Scale Zero Points from Galactic RR Lyrae Star Parallaxes}",
  journal = {\aj},
archivePrefix = "arXiv",
   eprint = {1109.5631},
 primaryClass = "astro-ph.SR",
 keywords = {astrometry, stars: distances, stars: variables: RR Lyrae},
     year = 2011,
    month = dec,
   volume = 142,
      eid = {187},
    pages = {187},
      doi = {10.1088/0004-6256/142/6/187},
   adsurl = {http://adsabs.harvard.edu/abs/2011AJ....142..187B},
  adsnote = {Provided by the SAO/NASA Astrophysics Data System}
}

@ARTICLE{binney08,
   author = {{Binney}, J.},
    title = "{Fitting orbits to tidal streams}",
  journal = {\mnras},
archivePrefix = "arXiv",
   eprint = {0802.1485},
 keywords = {stellar dynamics, methods: N-body simulations, Galaxy: kinematics and dynamics, Galaxy: structure},
     year = 2008,
    month = may,
   volume = 386,
    pages = {L47-L51},
      doi = {10.1111/j.1745-3933.2008.00458.x},
   adsurl = {http://adsabs.harvard.edu/abs/2008MNRAS.386L..47B},
  adsnote = {Provided by the SAO/NASA Astrophysics Data System}
}

@ARTICLE{bolton06,
   author = {{Bolton}, A.~S. and {Burles}, S. and {Koopmans}, L.~V.~E. and 
	{Treu}, T. and {Moustakas}, L.~A.},
    title = "{The Sloan Lens ACS Survey. I. A Large Spectroscopically Selected Sample of Massive Early-Type Lens Galaxies}",
  journal = {\apj},
   eprint = {arXiv:astro-ph/0511453},
 keywords = {Galaxies: Elliptical and Lenticular, cD, Galaxies: Evolution, Galaxies: Formation, Galaxies: Structure, Cosmology: Gravitational Lensing},
     year = 2006,
    month = feb,
   volume = 638,
    pages = {703-724},
      doi = {10.1086/498884},
   adsurl = {http://adsabs.harvard.edu/abs/2006ApJ...638..703B},
  adsnote = {Provided by the SAO/NASA Astrophysics Data System}
}

@ARTICLE{carlin12,
   author = {{Carlin}, J.~L. and {Majewski}, S.~R. and {Casetti-Dinescu}, D.~I. and 
	{Law}, D.~R. and {Girard}, T.~M. and {Patterson}, R.~J.},
    title = "{Kinematics and Chemistry of Stars along the Sagittarius Trailing Tidal Tail and Constraints on the Milky Way Mass Distribution}",
  journal = {\apj},
archivePrefix = "arXiv",
   eprint = {1111.0014},
 primaryClass = "astro-ph.GA",
 keywords = {galaxies: individual: Sagittarius dwarf spheroidal, Galaxy: fundamental parameters, Galaxy: kinematics and dynamics, Galaxy: structure},
     year = 2012,
    month = jan,
   volume = 744,
      eid = {25},
    pages = {25},
      doi = {10.1088/0004-637X/744/1/25},
   adsurl = {http://adsabs.harvard.edu/abs/2012ApJ...744...25C},
  adsnote = {Provided by the SAO/NASA Astrophysics Data System}
}

@ARTICLE{catelan04,
   author = {{Catelan}, M. and {Pritzl}, B.~J. and {Smith}, H.~A.},
    title = "{The RR Lyrae Period-Luminosity Relation. I. Theoretical Calibration}",
  journal = {\apjs},
   eprint = {arXiv:astro-ph/0406067},
 keywords = {Cosmology: Distance Scale, Stars: Horizontal-Branch, Stars: Variables: Other},
     year = 2004,
    month = oct,
   volume = 154,
    pages = {633-649},
      doi = {10.1086/422916},
   adsurl = {http://adsabs.harvard.edu/abs/2004ApJS..154..633C},
  adsnote = {Provided by the SAO/NASA Astrophysics Data System}
}

@ARTICLE{chou07,
   author = {{Chou}, M.-Y. and {Majewski}, S.~R. and {Cunha}, K. and {Smith}, V.~V. and 
	{Patterson}, R.~J. and {Mart{\'{\i}}nez-Delgado}, D. and {Law}, D.~R. and 
	{Crane}, J.~D. and {Mu{\~n}oz}, R.~R. and {Garcia L{\'o}pez}, R. and 
	{Geisler}, D. and {Skrutskie}, M.~F.},
    title = "{A 2MASS All-Sky View of the Sagittarius Dwarf Galaxy. V. Variation of the Metallicity Distribution Function along the Sagittarius Stream}",
  journal = {\apj},
   eprint = {arXiv:astro-ph/0605101},
 keywords = {Galaxies: Evolution, Galaxies: Interactions, Galaxy: Halo, Galaxies: Local Group},
     year = 2007,
    month = nov,
   volume = 670,
    pages = {346-362},
      doi = {10.1086/522483},
   adsurl = {http://adsabs.harvard.edu/abs/2007ApJ...670..346C},
  adsnote = {Provided by the SAO/NASA Astrophysics Data System}
}

@ARTICLE{chou10,
   author = {{Chou}, M.-Y. and {Cunha}, K. and {Majewski}, S.~R. and {Smith}, V.~V. and 
	{Patterson}, R.~J. and {Mart{\'{\i}}nez-Delgado}, D. and {Geisler}, D.
	},
    title = "{A Two Micron All Sky Survey View of the Sagittarius Dwarf Galaxy. VI. s-Process and Titanium Abundance Variations Along the Sagittarius Stream}",
  journal = {\apj},
archivePrefix = "arXiv",
   eprint = {0911.4364},
 primaryClass = "astro-ph.GA",
 keywords = {galaxies: evolution, galaxies: individual: Sagittarius dSph, galaxies: interactions, Galaxy: abundances, Galaxy: halo, stars: abundances},
     year = 2010,
    month = jan,
   volume = 708,
    pages = {1290-1309},
      doi = {10.1088/0004-637X/708/2/1290},
   adsurl = {http://adsabs.harvard.edu/abs/2010ApJ...708.1290C},
  adsnote = {Provided by the SAO/NASA Astrophysics Data System}
}

@ARTICLE{clementini03,
   author = {{Clementini}, G. and {Gratton}, R. and {Bragaglia}, A. and {Carretta}, E. and 
	{Di Fabrizio}, L. and {Maio}, M.},
    title = "{Distance to the Large Magellanic Cloud: The RR Lyrae Stars}",
  journal = {\aj},
 keywords = {Cosmology: Distance Scale, Galaxies: Magellanic Clouds, Stars: Variables: RR Lyrae Variable, Stars: Oscillations, Stars: Variables: Other, Techniques: Photometric, Techniques: Spectroscopic},
     year = 2003,
    month = mar,
   volume = 125,
    pages = {1309-1329},
      doi = {10.1086/367773},
   adsurl = {http://adsabs.harvard.edu/abs/2003AJ....125.1309C},
  adsnote = {Provided by the SAO/NASA Astrophysics Data System}
}

@ARTICLE{cote03,
   author = {{C{\^o}t{\'e}}, P. and {McLaughlin}, D.~E. and {Cohen}, J.~G. and 
	{Blakeslee}, J.~P.},
    title = "{Dynamics of the Globular Cluster System Associated with M49 (NGC 4472): Cluster Orbital Properties and the Distribution of Dark Matter}",
  journal = {\apj},
   eprint = {arXiv:astro-ph/0303229},
 keywords = {Galaxies: Clusters: Individual: Name: Virgo, Galaxies: Halos, Galaxies: Individual: Messier Number: M49, Galaxies: Individual: NGC Number: NGC 4472, Galaxies: Kinematics and Dynamics, Galaxies: Star Clusters, Galaxy: Globular Clusters: General},
     year = 2003,
    month = jul,
   volume = 591,
    pages = {850-877},
      doi = {10.1086/375488},
   adsurl = {http://adsabs.harvard.edu/abs/2003ApJ...591..850C},
  adsnote = {Provided by the SAO/NASA Astrophysics Data System}
}

@ARTICLE{deason12a,
   author = {{Deason}, A.~J. and {Belokurov}, V. and {Evans}, N.~W. and {An}, J.
	},
    title = "{Broken degeneracies: the rotation curve and velocity anisotropy of the Milky Way halo}",
  journal = {\mnras},
archivePrefix = "arXiv",
   eprint = {1204.5189},
 primaryClass = "astro-ph.GA",
 keywords = {stars, Galaxy: halo, Galaxy: kinematics and dynamics, dark matter},
     year = 2012,
    month = jul,
   volume = 424,
    pages = {L44-L48},
      doi = {10.1111/j.1745-3933.2012.01283.x},
   adsurl = {http://adsabs.harvard.edu/abs/2012MNRAS.424L..44D},
  adsnote = {Provided by the SAO/NASA Astrophysics Data System}
}

@ARTICLE{deason12b,
   author = {{Deason}, A.~J. and {Belokurov}, V. and {Evans}, N.~W. and {Koposov}, S.~E. and 
	{Cooke}, R.~J. and {Pe{\~n}arrubia}, J. and {Laporte}, C.~F.~P. and 
	{Fellhauer}, M. and {Walker}, M.~G. and {Olszewski}, E.~W.},
    title = "{The cold veil of the Milky Way stellar halo}",
  journal = {\mnras},
archivePrefix = "arXiv",
   eprint = {1205.6203},
 primaryClass = "astro-ph.GA",
 keywords = {blue stragglers, stars: carbon, stars: horizontal branch, Galaxy: halo, Galaxy: fundamental parameters, Galaxy: kinematics and dynamics},
     year = 2012,
    month = oct,
   volume = 425,
    pages = {2840-2853},
      doi = {10.1111/j.1365-2966.2012.21639.x},
   adsurl = {http://adsabs.harvard.edu/abs/2012MNRAS.425.2840D},
  adsnote = {Provided by the SAO/NASA Astrophysics Data System}
}

@ARTICLE{deason12c,
   author = {{Deason}, A.~J. and {Belokurov}, V. and {Evans}, N.~W. and {McCarthy}, I.~G.
	},
    title = "{Elliptical Galaxy Masses Out to Five Effective Radii: The Realm of Dark Matter}",
  journal = {\apj},
archivePrefix = "arXiv",
   eprint = {1110.0833},
 primaryClass = "astro-ph.CO",
 keywords = {galaxies: elliptical and lenticular, cD, galaxies: general, galaxies: kinematics and dynamics},
     year = 2012,
    month = mar,
   volume = 748,
      eid = {2},
    pages = {2},
      doi = {10.1088/0004-637X/748/1/2},
   adsurl = {http://adsabs.harvard.edu/abs/2012ApJ...748....2D},
  adsnote = {Provided by the SAO/NASA Astrophysics Data System}
}

@ARTICLE{drake13,
   author = {{Drake}, A.~J. and {Catelan}, M. and {Djorgovski}, S.~G. and 
	{Torrealba}, G. and {Graham}, M.~J. and {Belokurov}, V. and 
	{Koposov}, S.~E. and {Mahabal}, A. and {Prieto}, J.~L. and {Donalek}, C. and 
	{Williams}, R. and {Larson}, S. and {Christensen}, E. and {Beshore}, E.
	},
    title = "{Probing the Outer Galactic Halo with RR Lyrae from the Catalina Surveys}",
  journal = {\apj},
archivePrefix = "arXiv",
   eprint = {1211.2866},
 primaryClass = "astro-ph.GA",
 keywords = {galaxies: stellar content, Galaxy: formation, Galaxy: stellar content, Galaxy: structure, stars: variables: RR Lyrae },
     year = 2013,
    month = jan,
   volume = 763,
      eid = {32},
    pages = {32},
      doi = {10.1088/0004-637X/763/1/32},
   adsurl = {http://adsabs.harvard.edu/abs/2013ApJ...763...32D},
  adsnote = {Provided by the SAO/NASA Astrophysics Data System}
}

@ARTICLE{dubinski91,
   author = {{Dubinski}, J. and {Carlberg}, R.~G.},
    title = "{The structure of cold dark matter halos}",
  journal = {\apj},
 keywords = {Computational Astrophysics, Dark Matter, Galactic Structure, Gravitational Collapse, Halos, Many Body Problem, Computerized Simulation, Particle Density (Concentration), Tides},
     year = 1991,
    month = sep,
   volume = 378,
    pages = {496-503},
      doi = {10.1086/170451},
   adsurl = {http://adsabs.harvard.edu/abs/1991ApJ...378..496D},
  adsnote = {Provided by the SAO/NASA Astrophysics Data System}
}

@ARTICLE{eyre09a,
   author = {{Eyre}, A. and {Binney}, J.},
    title = "{Locating the orbits delineated by tidal streams}",
  journal = {\mnras},
archivePrefix = "arXiv",
   eprint = {0907.0360},
 primaryClass = "astro-ph.GA",
 keywords = {stellar dynamics , methods: N-body simulations , Galaxy: kinematics and dynamics , Galaxy: structure},
     year = 2009,
    month = nov,
   volume = 400,
    pages = {548-560},
      doi = {10.1111/j.1365-2966.2009.15494.x},
   adsurl = {http://adsabs.harvard.edu/abs/2009MNRAS.400..548E},
  adsnote = {Provided by the SAO/NASA Astrophysics Data System}
}

@ARTICLE{eyre09b,
   author = {{Eyre}, A. and {Binney}, J.},
    title = "{Fitting orbits to tidal streams with proper motions}",
  journal = {\mnras},
archivePrefix = "arXiv",
   eprint = {0908.2081},
 primaryClass = "astro-ph.GA",
 keywords = {stellar dynamics , methods: N-body simulations , Galaxy: kinematics and dynamics , Galaxy: structure},
     year = 2009,
    month = oct,
   volume = 399,
    pages = {L160-L163},
      doi = {10.1111/j.1745-3933.2009.00744.x},
   adsurl = {http://adsabs.harvard.edu/abs/2009MNRAS.399L.160E},
  adsnote = {Provided by the SAO/NASA Astrophysics Data System}
}

@ARTICLE{fellhauer06,
   author = {{Fellhauer}, M. and {Belokurov}, V. and {Evans}, N.~W. and {Wilkinson}, M.~I. and 
	{Zucker}, D.~B. and {Gilmore}, G. and {Irwin}, M.~J. and {Bramich}, D.~M. and 
	{Vidrih}, S. and {Wyse}, R.~F.~G. and {Beers}, T.~C. and {Brinkmann}, J.
	},
    title = "{The Origin of the Bifurcation in the Sagittarius Stream}",
  journal = {\apj},
   eprint = {arXiv:astro-ph/0605026},
 keywords = {Galaxies: Dwarf, galaxies: individual (Sgr dSph), Galaxy: Halo, Galaxy: Structure},
     year = 2006,
    month = nov,
   volume = 651,
    pages = {167-173},
      doi = {10.1086/507128},
   adsurl = {http://adsabs.harvard.edu/abs/2006ApJ...651..167F},
  adsnote = {Provided by the SAO/NASA Astrophysics Data System}
}

@ARTICLE{foremanmackey2013,
   author = {{Foreman-Mackey}, D. and {Hogg}, D.~W. and {Lang}, D. and {Goodman}, J.
	},
    title = "{emcee: The MCMC Hammer}",
  journal = {\pasp},
archivePrefix = "arXiv",
   eprint = {1202.3665},
 primaryClass = "astro-ph.IM",
 keywords = {Data Analysis and Techniques},
     year = 2013,
    month = mar,
   volume = 125,
    pages = {306-312},
      doi = {10.1086/670067},
   adsurl = {http://adsabs.harvard.edu/abs/2013PASP..125..306F},
  adsnote = {Provided by the SAO/NASA Astrophysics Data System}
}


@ARTICLE{gaia01,
   author = {{Perryman}, M.~A.~C. and {de Boer}, K.~S. and {Gilmore}, G. and 
	{H{\o}g}, E. and {Lattanzi}, M.~G. and {Lindegren}, L. and {Luri}, X. and 
	{Mignard}, F. and {Pace}, O. and {de Zeeuw}, P.~T.},
    title = "{GAIA: Composition, formation and evolution of the Galaxy}",
  journal = {\aap},
   eprint = {arXiv:astro-ph/0101235},
 keywords = {INSTRUMENTATION: MISCELLANEOUS, SPACE VEHICLES: INSTRUMENTS, ASTROMETRY, GALAXY: GENERAL, TECHNIQUES: PHOTOMETRIC, TECHNIQUES: RADIAL VELOCITIES},
     year = 2001,
    month = apr,
   volume = 369,
    pages = {339-363},
      doi = {10.1051/0004-6361:20010085},
   adsurl = {http://adsabs.harvard.edu/abs/2001A%26A...369..339P},
  adsnote = {Provided by the SAO/NASA Astrophysics Data System}
}

@ARTICLE{gomez12,
   author = {{G{\'o}mez}, F.~A. and {Minchev}, I. and {O'Shea}, B.~W. and 
	{Lee}, Y.~S. and {Beers}, T.~C. and {An}, D. and {Bullock}, J.~S. and 
	{Purcell}, C.~W. and {Villalobos}, {\'A}.},
    title = "{Signatures of minor mergers in the Milky Way disc - I. The SEGUE stellar sample}",
  journal = {\mnras},
archivePrefix = "arXiv",
   eprint = {1201.5898},
 primaryClass = "astro-ph.GA",
 keywords = {methods: analytical, methods: data analysis, methods: numerical, Galaxy: disc, Galaxy: structure, galaxies: formation, galaxies: kinematics and dynamics},
     year = 2012,
    month = jul,
   volume = 423,
    pages = {3727-3739},
      doi = {10.1111/j.1365-2966.2012.21176.x},
   adsurl = {http://adsabs.harvard.edu/abs/2012MNRAS.423.3727G},
  adsnote = {Provided by the SAO/NASA Astrophysics Data System}
}

@ARTICLE{gomez13,
   author = {{G{\'o}mez}, F.~A. and {Minchev}, I. and {O'Shea}, B.~W. and 
	{Beers}, T.~C. and {Bullock}, J.~S. and {Purcell}, C.~W.},
    title = "{Vertical density waves in the Milky Way disc induced by the Sagittarius dwarf galaxy}",
  journal = {\mnras},
archivePrefix = "arXiv",
   eprint = {1207.3083},
 primaryClass = "astro-ph.GA",
 keywords = {Galaxy: disc, Galaxy: structure, galaxies: formation, galaxies: kinematics and dynamics},
     year = 2013,
    month = feb,
   volume = 429,
    pages = {159-164},
      doi = {10.1093/mnras/sts327},
   adsurl = {http://adsabs.harvard.edu/abs/2013MNRAS.429..159G},
  adsnote = {Provided by the SAO/NASA Astrophysics Data System}
}

@ARTICLE{helmi99,
   author = {{Helmi}, A. and {White}, S.~D.~M.},
    title = "{Building up the stellar halo of the Galaxy}",
  journal = {\mnras},
   eprint = {arXiv:astro-ph/9901102},
     year = 1999,
    month = aug,
   volume = 307,
    pages = {495-517},
      doi = {10.1046/j.1365-8711.1999.02616.x},
   adsurl = {http://adsabs.harvard.edu/abs/1999MNRAS.307..495H},
  adsnote = {Provided by the SAO/NASA Astrophysics Data System}
}

@ARTICLE{helmi04,
   author = {{Helmi}, A.},
    title = "{Velocity Trends in the Debris of Sagittarius and the Shape of the Dark Matter Halo of Our Galaxy}",
  journal = {\apjl},
   eprint = {arXiv:astro-ph/0406396},
 keywords = {Cosmology: Dark Matter, Galaxy: Fundamental Parameters, Galaxy: Halo, Galaxy: Kinematics and Dynamics, Galaxy: Structure},
     year = 2004,
    month = aug,
   volume = 610,
    pages = {L97-L100},
      doi = {10.1086/423340},
   adsurl = {http://adsabs.harvard.edu/abs/2004ApJ...610L..97H},
  adsnote = {Provided by the SAO/NASA Astrophysics Data System}
}


@ARTICLE{ibata94,
   author = {{Ibata}, R.~A. and {Gilmore}, G. and {Irwin}, M.~J.},
    title = "{A dwarf satellite galaxy in Sagittarius}",
  journal = {\nat},
     year = 1994,
    month = jul,
   volume = 370,
    pages = {194-196},
      doi = {10.1038/370194a0},
   adsurl = {http://adsabs.harvard.edu/abs/1994Natur.370..194I},
  adsnote = {Provided by the SAO/NASA Astrophysics Data System}
}

@ARTICLE{ibata95,
   author = {{Ibata}, R.~A. and {Gilmore}, G. and {Irwin}, M.~J.},
    title = "{Sagittarius: the nearest dwarf galaxy}",
  journal = {\mnras},
   eprint = {arXiv:astro-ph/9506071},
 keywords = {STARS: CARBON, GALAXY: EVOLUTION, GLOBULAR CLUSTERS: GENERAL, GALAXIES: EVOLUTION, GALAXIES: INTERACTIONS, LOCAL GROUP},
     year = 1995,
    month = dec,
   volume = 277,
    pages = {781-800},
   adsurl = {http://adsabs.harvard.edu/abs/1995MNRAS.277..781I},
  adsnote = {Provided by the SAO/NASA Astrophysics Data System}
}

@ARTICLE{ibata01,
   author = {{Ibata}, R. and {Irwin}, M. and {Lewis}, G.~F. and {Stolte}, A.
	},
    title = "{Galactic Halo Substructure in the Sloan Digital Sky Survey: The Ancient Tidal Stream from the Sagittarius Dwarf Galaxy}",
  journal = {\apjl},
   eprint = {arXiv:astro-ph/0004255},
 keywords = {Galaxies: Halos, Galaxies: Individual: Name: Sagittarius, Galaxies: Kinematics and Dynamics, Galaxy: Halo, Galaxy: Structure, Galaxies: Local Group},
     year = 2001,
    month = feb,
   volume = 547,
    pages = {L133-L136},
      doi = {10.1086/318894},
   adsurl = {http://adsabs.harvard.edu/abs/2001ApJ...547L.133I},
  adsnote = {Provided by the SAO/NASA Astrophysics Data System}
}


@ARTICLE{ivezic08,
   author = {{Ivezi{\'c}}, {\v Z}. and {Sesar}, B. and {Juri{\'c}}, M. and 
	{Bond}, N. and {Dalcanton}, J. and {Rockosi}, C.~M. and {Yanny}, B. and 
	{Newberg}, H.~J. and {Beers}, T.~C. and {Allende Prieto}, C. and 
	{Wilhelm}, R. and {Lee}, Y.~S. and {Sivarani}, T. and {Norris}, J.~E. and 
	{Bailer-Jones}, C.~A.~L. and {Re Fiorentin}, P. and {Schlegel}, D. and 
	{Uomoto}, A. and {Lupton}, R.~H. and {Knapp}, G.~R. and {Gunn}, J.~E. and 
	{Covey}, K.~R. and {Smith}, J.~A. and {Miknaitis}, G. and {Doi}, M. and 
	{Tanaka}, M. and {Fukugita}, M. and {Kent}, S. and {Finkbeiner}, D. and 
	{Munn}, J.~A. and {Pier}, J.~R. and {Quinn}, T. and {Hawley}, S. and 
	{Anderson}, S. and {Kiuchi}, F. and {Chen}, A. and {Bushong}, J. and 
	{Sohi}, H. and {Haggard}, D. and {Kimball}, A. and {Barentine}, J. and 
	{Brewington}, H. and {Harvanek}, M. and {Kleinman}, S. and {Krzesinski}, J. and 
	{Long}, D. and {Nitta}, A. and {Snedden}, S. and {Lee}, B. and 
	{Harris}, H. and {Brinkmann}, J. and {Schneider}, D.~P. and 
	{York}, D.~G.},
    title = "{The Milky Way Tomography with SDSS. II. Stellar Metallicity}",
  journal = {\apj},
archivePrefix = "arXiv",
   eprint = {0804.3850},
 keywords = {Galaxy: Halo, Galaxy: Kinematics and Dynamics, Galaxy: Stellar Content, Galaxy: Structure, Methods: Data Analysis, Stars: Statistics},
     year = 2008,
    month = sep,
   volume = 684,
    pages = {287-325},
      doi = {10.1086/589678},
   adsurl = {http://adsabs.harvard.edu/abs/2008ApJ...684..287I},
  adsnote = {Provided by the SAO/NASA Astrophysics Data System}
}

@ARTICLE{jing02,
   author = {{Jing}, Y.~P. and {Suto}, Y.},
    title = "{Triaxial Modeling of Halo Density Profiles with High-Resolution N-Body Simulations}",
  journal = {\apj},
   eprint = {arXiv:astro-ph/0202064},
 keywords = {Cosmology: Theory, Cosmology: Dark Matter, Galaxies: Clusters: General, Galaxies: Halos, Methods: Numerical},
     year = 2002,
    month = aug,
   volume = 574,
    pages = {538-553},
      doi = {10.1086/341065},
   adsurl = {http://adsabs.harvard.edu/abs/2002ApJ...574..538J},
  adsnote = {Provided by the SAO/NASA Astrophysics Data System}
}

@ARTICLE{johnston95,
   author = {{Johnston}, K.~V. and {Spergel}, D.~N. and {Hernquist}, L.},
    title = "{The Disruption of the Sagittarius Dwarf Galaxy}",
  journal = {\apj},
   eprint = {arXiv:astro-ph/9502005},
 keywords = {GALAXIES: EVOLUTION, GALAXIES: INDIVIDUAL NAME: SAGITTARIUS, GALAXIES: INTERACTIONS, GALAXY: STRUCTURE},
     year = 1995,
    month = oct,
   volume = 451,
    pages = {598},
      doi = {10.1086/176247},
   adsurl = {http://adsabs.harvard.edu/abs/1995ApJ...451..598J},
  adsnote = {Provided by the SAO/NASA Astrophysics Data System}
}

@ARTICLE{johnston98,
   author = {{Johnston}, K.~V.},
    title = "{A Prescription for Building the Milky Way's Halo from Disrupted Satellites}",
  journal = {\apj},
   eprint = {arXiv:astro-ph/9710007},
 keywords = {GALAXY: FORMATION, GALAXY: EVOLUTION, GALAXY: HALO, GALAXY: KINEMATICS AND DYNAMICS, GALAXIES: INTERACTIONS, GALAXIES: MAGELLANIC CLOUDS},
     year = 1998,
    month = mar,
   volume = 495,
    pages = {297},
      doi = {10.1086/305273},
   adsurl = {http://adsabs.harvard.edu/abs/1998ApJ...495..297J},
  adsnote = {Provided by the SAO/NASA Astrophysics Data System}
}

@ARTICLE{johnston99a,
   author = {{Johnston}, K.~V. and {Zhao}, H. and {Spergel}, D.~N. and {Hernquist}, L.
	},
    title = "{Tidal Streams as Probes of the Galactic Potential}",
  journal = {\apjl},
   eprint = {arXiv:astro-ph/9807243},
 keywords = {GALAXY: FUNDAMENTAL PARAMETERS, GALAXY: HALO, GALAXY: KINEMATICS AND DYNAMICS, GALAXY: STRUCTURE},
     year = 1999,
    month = feb,
   volume = 512,
    pages = {L109-L112},
      doi = {10.1086/311876},
   adsurl = {http://adsabs.harvard.edu/abs/1999ApJ...512L.109J},
  adsnote = {Provided by the SAO/NASA Astrophysics Data System}
}

@ARTICLE{johnston99b,
   author = {{Johnston}, K.~V. and {Majewski}, S.~R. and {Siegel}, M.~H. and 
	{Reid}, I.~N. and {Kunkel}, W.~E.},
    title = "{Constraining the History of the Sagittarius Dwarf Galaxy Using Observations of Its Tidal Debris}",
  journal = {\aj},
   eprint = {arXiv:astro-ph/9906457},
 keywords = {GALAXIES: DWARF, GALAXIES: EVOLUTION, GALAXIES: INDIVIDUAL: NAME: SAGITTARIUS, GALAXIES: INTERACTIONS, GALAXIES: KINEMATICS AND DYNAMICS, METHODS: ANALYTICAL},
     year = 1999,
    month = oct,
   volume = 118,
    pages = {1719-1726},
      doi = {10.1086/301037},
   adsurl = {http://adsabs.harvard.edu/abs/1999AJ....118.1719J},
  adsnote = {Provided by the SAO/NASA Astrophysics Data System}
}

@ARTICLE{johnston05,
   author = {{Johnston}, K.~V. and {Law}, D.~R. and {Majewski}, S.~R.},
    title = "{A Two Micron All Sky Survey View of the Sagittarius Dwarf Galaxy. III. Constraints on the Flattening of the Galactic Halo}",
  journal = {\apj},
   eprint = {arXiv:astro-ph/0407565},
 keywords = {Galaxies: Individual: Name: Sagittarius, Galaxies: Stellar Content, Galaxy: Halo, Galaxy: Kinematics and Dynamics, Galaxy: Structure, Galaxies: Local Group},
     year = 2005,
    month = feb,
   volume = 619,
    pages = {800-806},
      doi = {10.1086/426777},
   adsurl = {http://adsabs.harvard.edu/abs/2005ApJ...619..800J},
  adsnote = {Provided by the SAO/NASA Astrophysics Data System}
}

@ARTICLE{kafle12,
   author = {{Kafle}, P.~R. and {Sharma}, S. and {Lewis}, G.~F. and {Bland-Hawthorn}, J.
	},
    title = "{Kinematics of the Stellar Halo and the Mass Distribution of the Milky Way Using Blue Horizontal Branch Stars}",
  journal = {\apj},
archivePrefix = "arXiv",
   eprint = {1210.7527},
 primaryClass = "astro-ph.GA",
 keywords = {galaxies: individual: Milky Way, Galaxy: halo, stars: horizontal-branch, stars: kinematics and dynamics},
     year = 2012,
    month = dec,
   volume = 761,
      eid = {98},
    pages = {98},
      doi = {10.1088/0004-637X/761/2/98},
   adsurl = {http://adsabs.harvard.edu/abs/2012ApJ...761...98K},
  adsnote = {Provided by the SAO/NASA Astrophysics Data System}
}

@ARTICLE{keller10,
   author = {{Keller}, S.~C. and {Yong}, D. and {Da Costa}, G.~S.},
    title = "{The Chemistry of the Trailing Arm of the Sagittarius Dwarf Galaxy}",
  journal = {\apj},
archivePrefix = "arXiv",
   eprint = {1006.4885},
 primaryClass = "astro-ph.GA",
 keywords = {galaxies: individual: Sagitarrius dSph, Galaxy: halo, Galaxy: structure, stars: abundances},
     year = 2010,
    month = sep,
   volume = 720,
    pages = {940-947},
      doi = {10.1088/0004-637X/720/1/940},
   adsurl = {http://adsabs.harvard.edu/abs/2010ApJ...720..940K},
  adsnote = {Provided by the SAO/NASA Astrophysics Data System}
}

@ARTICLE{koposov10,
   author = {{Koposov}, S.~E. and {Rix}, H.-W. and {Hogg}, D.~W.},
    title = "{Constraining the Milky Way Potential with a Six-Dimensional Phase-Space Map of the GD-1 Stellar Stream}",
  journal = {\apj},
archivePrefix = "arXiv",
   eprint = {0907.1085},
 primaryClass = "astro-ph.GA",
 keywords = {Galaxy: fundamental parameters, Galaxy: halo, Galaxy: kinematics and dynamics, methods: statistical, stars: kinematics and dynamics, surveys},
     year = 2010,
    month = mar,
   volume = 712,
    pages = {260-273},
      doi = {10.1088/0004-637X/712/1/260},
   adsurl = {http://adsabs.harvard.edu/abs/2010ApJ...712..260K},
  adsnote = {Provided by the SAO/NASA Astrophysics Data System}
}

@ARTICLE{kuhlen07,
   author = {{Kuhlen}, M. and {Diemand}, J. and {Madau}, P.},
    title = "{The Shapes, Orientation, and Alignment of Galactic Dark Matter Subhalos}",
  journal = {\apj},
archivePrefix = "arXiv",
   eprint = {0705.2037},
 keywords = {Cosmology: Theory, Cosmology: Dark Matter, Galaxies: Dwarf, Galaxies: Formation, Galaxies: Halos, Methods: Numerical},
     year = 2007,
    month = dec,
   volume = 671,
    pages = {1135-1146},
      doi = {10.1086/522878},
   adsurl = {http://adsabs.harvard.edu/abs/2007ApJ...671.1135K},
  adsnote = {Provided by the SAO/NASA Astrophysics Data System}
}

@ARTICLE{kunder09,
   author = {{Kunder}, A. and {Chaboyer}, B.},
    title = "{Distance to the Sagittarius Dwarf Galaxy Using Macho Project RR Lyrae Stars}",
  journal = {\aj},
archivePrefix = "arXiv",
   eprint = {0903.3040},
 primaryClass = "astro-ph.SR",
 keywords = {galaxies: dwarf, galaxies: individual: Sagittarius, Galaxy: center, stars: abundances, stars: distances, stars: Population II, surveys},
     year = 2009,
    month = may,
   volume = 137,
    pages = {4478-4486},
      doi = {10.1088/0004-6256/137/5/4478},
   adsurl = {http://adsabs.harvard.edu/abs/2009AJ....137.4478K},
  adsnote = {Provided by the SAO/NASA Astrophysics Data System}
}

@ARTICLE{kuzio09,
   author = {{Kuzio de Naray}, R. and {McGaugh}, S.~S. and {Mihos}, J.~C.
	},
    title = "{Constraining the NFW Potential with Observations and Modeling of Low Surface Brightness Galaxy Velocity Fields}",
  journal = {\apj},
archivePrefix = "arXiv",
   eprint = {0810.5118},
 keywords = {dark matter, galaxies: kinematics and dynamics},
     year = 2009,
    month = feb,
   volume = 692,
    pages = {1321-1332},
      doi = {10.1088/0004-637X/692/2/1321},
   adsurl = {http://adsabs.harvard.edu/abs/2009ApJ...692.1321K},
  adsnote = {Provided by the SAO/NASA Astrophysics Data System}
}

@ARTICLE{law05,
   author = {{Law}, D.~R. and {Johnston}, K.~V. and {Majewski}, S.~R.},
    title = "{A Two Micron All-Sky Survey View of the Sagittarius Dwarf Galaxy. IV. Modeling the Sagittarius Tidal Tails}",
  journal = {\apj},
   eprint = {arXiv:astro-ph/0407566},
 keywords = {Galaxies: Individual: Name: Sagittarius, Galaxies: Stellar Content, Galaxy: Halo, Galaxy: Kinematics and Dynamics, Galaxy: Structure, Galaxies: Local Group},
     year = 2005,
    month = feb,
   volume = 619,
    pages = {807-823},
      doi = {10.1086/426779},
   adsurl = {http://adsabs.harvard.edu/abs/2005ApJ...619..807L},
  adsnote = {Provided by the SAO/NASA Astrophysics Data System}
}

@ARTICLE{law09,
   author = {{Law}, D.~R. and {Majewski}, S.~R. and {Johnston}, K.~V.},
    title = "{Evidence for a Triaxial Milky Way Dark Matter Halo from the Sagittarius Stellar Tidal Stream}",
  journal = {\apjl},
archivePrefix = "arXiv",
   eprint = {0908.3187},
 primaryClass = "astro-ph.GA",
 keywords = {Galaxy: halo, Galaxy: kinematics and dynamics, Galaxy: structure},
     year = 2009,
    month = sep,
   volume = 703,
    pages = {L67-L71},
      doi = {10.1088/0004-637X/703/1/L67},
   adsurl = {http://adsabs.harvard.edu/abs/2009ApJ...703L..67L},
  adsnote = {Provided by the SAO/NASA Astrophysics Data System}
}

@ARTICLE{law10,
   author = {{Law}, D.~R. and {Majewski}, S.~R.},
    title = "{The Sagittarius Dwarf Galaxy: A Model for Evolution in a Triaxial Milky Way Halo}",
  journal = {\apj},
archivePrefix = "arXiv",
   eprint = {1003.1132},
 primaryClass = "astro-ph.GA",
 keywords = {dark matter, galaxies: individual: Sagittarius, Galaxy: kinematics and dynamics, Galaxy: structure},
     year = 2010,
    month = may,
   volume = 714,
    pages = {229-254},
      doi = {10.1088/0004-637X/714/1/229},
   adsurl = {http://adsabs.harvard.edu/abs/2010ApJ...714..229L},
  adsnote = {Provided by the SAO/NASA Astrophysics Data System}
}

@ARTICLE{loebman12,
   author = {{Loebman}, S.~R. and {Ivezi{\'c}}, {\v Z}. and {Quinn}, T.~R. and 
	{Governato}, F. and {Brooks}, A.~M. and {Christensen}, C.~R. and 
	{Juri{\'c}}, M.},
    title = "{Constraints on the Shape of the Milky Way Dark Matter Halo from Jeans Equations Applied to Sloan Digital Sky Survey Data}",
  journal = {\apjl},
archivePrefix = "arXiv",
   eprint = {1209.2708},
 primaryClass = "astro-ph.GA",
 keywords = {Galaxy: general, Galaxy: halo, Galaxy: kinematics and dynamics, Galaxy: structure, stars: kinematics and dynamics, stars: statistics},
     year = 2012,
    month = oct,
   volume = 758,
      eid = {L23},
    pages = {L23},
      doi = {10.1088/2041-8205/758/1/L23},
   adsurl = {http://adsabs.harvard.edu/abs/2012ApJ...758L..23L},
  adsnote = {Provided by the SAO/NASA Astrophysics Data System}
}

@ARTICLE{longmore86,
   author = {{Longmore}, A.~J. and {Fernley}, J.~A. and {Jameson}, R.~F.},
    title = "{RR Lyrae stars in globular clusters - Better distances from infrared measurements?}",
  journal = {\mnras},
 keywords = {CEPHEID VARIABLES, GLOBULAR CLUSTERS, INFRARED PHOTOMETRY, INFRARED STARS, STELLAR PHYSICS, DISTANCE, METALLICITY, STELLAR MAGNITUDE},
     year = 1986,
    month = may,
   volume = 220,
    pages = {279-287},
   adsurl = {http://adsabs.harvard.edu/abs/1986MNRAS.220..279L},
  adsnote = {Provided by the SAO/NASA Astrophysics Data System}
}

@book{mackay2002,
 author = {MacKay, David J. C.},
 title = {Information Theory, Inference \& Learning Algorithms},
 year = {2002},
 isbn = {0521642981},
 publisher = {Cambridge University Press},
 address = {New York, NY, USA},
} 

@ARTICLE{madore12,
   author = {{Madore}, B.~F. and {Freedman}, W.~L.},
    title = "{Multi-wavelength Characteristics of Period-Luminosity Relations}",
  journal = {\apj},
archivePrefix = "arXiv",
   eprint = {1111.6313},
 primaryClass = "astro-ph.SR",
 keywords = {stars: fundamental parameters, stars: variables: Cepheids, stars: variables: RR Lyrae},
     year = 2012,
    month = jan,
   volume = 744,
      eid = {132},
    pages = {132},
      doi = {10.1088/0004-637X/744/2/132},
   adsurl = {http://adsabs.harvard.edu/abs/2012ApJ...744..132M},
  adsnote = {Provided by the SAO/NASA Astrophysics Data System}
}


@ARTICLE{majewski03,
   author = {{Majewski}, S.~R. and {Skrutskie}, M.~F. and {Weinberg}, M.~D. and 
	{Ostheimer}, J.~C.},
    title = "{A Two Micron All Sky Survey View of the Sagittarius Dwarf Galaxy. I. Morphology of the Sagittarius Core and Tidal Arms}",
  journal = {\apj},
   eprint = {arXiv:astro-ph/0304198},
 keywords = {Galaxies: Individual: Name: Sagittarius Dwarf, Galaxies: Stellar Content, Galaxy: Halo, Galaxy: Kinematics and Dynamics, Galaxy: Structure, Galaxies: Local Group},
     year = 2003,
    month = dec,
   volume = 599,
    pages = {1082-1115},
      doi = {10.1086/379504},
   adsurl = {http://adsabs.harvard.edu/abs/2003ApJ...599.1082M},
  adsnote = {Provided by the SAO/NASA Astrophysics Data System}
}

@ARTICLE{majewski04,
   author = {{Majewski}, S.~R. and {Kunkel}, W.~E. and {Law}, D.~R. and {Patterson}, R.~J. and 
	{Polak}, A.~A. and {Rocha-Pinto}, H.~J. and {Crane}, J.~D. and 
	{Frinchaboy}, P.~M. and {Hummels}, C.~B. and {Johnston}, K.~V. and 
	{Rhee}, J. and {Skrutskie}, M.~F. and {Weinberg}, M.},
    title = "{A Two Micron All Sky Survey View of the Sagittarius Dwarf Galaxy. II. Swope Telescope Spectroscopy of M Giant Stars in the Dynamically Cold Sagittarius Tidal Stream}",
  journal = {\aj},
   eprint = {arXiv:astro-ph/0403701},
 keywords = {Galaxies: Individual: Name: Sagittarius, Galaxy: Evolution, Galaxy: Halo, Galaxy: Structure, Stars: Kinematics, Techniques: Spectroscopic},
     year = 2004,
    month = jul,
   volume = 128,
    pages = {245-259},
      doi = {10.1086/421372},
   adsurl = {http://adsabs.harvard.edu/abs/2004AJ....128..245M},
  adsnote = {Provided by the SAO/NASA Astrophysics Data System}
}

@ARTICLE{martinezdelgado04,
   author = {{Mart{\'{\i}}nez-Delgado}, D. and {G{\'o}mez-Flechoso}, M.~{\'A}. and 
	{Aparicio}, A. and {Carrera}, R.},
    title = "{Tracing Out the Northern Tidal Stream of the Sagittarius Dwarf Spheroidal Galaxy}",
  journal = {\apj},
   eprint = {arXiv:astro-ph/0308009},
 keywords = {Galaxies: Individual: Name: Sagittarius, Galaxies: Interactions, Galaxy: Evolution, Galaxy: Formation, Galaxy: Halo, Galaxy: Structure},
     year = 2004,
    month = jan,
   volume = 601,
    pages = {242-259},
      doi = {10.1086/380298},
   adsurl = {http://adsabs.harvard.edu/abs/2004ApJ...601..242M},
  adsnote = {Provided by the SAO/NASA Astrophysics Data System}
}

@ARTICLE{mcconnachie12,
   author = {{McConnachie}, A.~W.},
    title = "{The Observed Properties of Dwarf Galaxies in and around the Local Group}",
  journal = {\aj},
archivePrefix = "arXiv",
   eprint = {1204.1562},
 primaryClass = "astro-ph.CO",
 keywords = {catalogs, galaxies: dwarf, galaxies: fundamental parameters, galaxies: general, galaxies: structure, Local Group},
     year = 2012,
    month = jul,
   volume = 144,
      eid = {4},
    pages = {4},
      doi = {10.1088/0004-6256/144/1/4},
   adsurl = {http://adsabs.harvard.edu/abs/2012AJ....144....4M},
  adsnote = {Provided by the SAO/NASA Astrophysics Data System}
}

@ARTICLE{mendez01,
   author = {{M{\'e}ndez}, R.~H. and {Riffeser}, A. and {Kudritzki}, R.-P. and 
	{Matthias}, M. and {Freeman}, K.~C. and {Arnaboldi}, M. and 
	{Capaccioli}, M. and {Gerhard}, O.~E.},
    title = "{Detection, Photometry, and Slitless Radial Velocities of 535 Planetary Nebulae in the Flattened Elliptical Galaxy NGC 4697}",
  journal = {\apj},
   eprint = {arXiv:astro-ph/0109075},
 keywords = {Galaxies: Distances and Redshifts, galaxies: individual (NGC 4697), Galaxies: Kinematics and Dynamics, ISM: Planetary Nebulae: General, Techniques: Radial Velocities},
     year = 2001,
    month = dec,
   volume = 563,
    pages = {135-150},
      doi = {10.1086/323794},
   adsurl = {http://adsabs.harvard.edu/abs/2001ApJ...563..135M},
  adsnote = {Provided by the SAO/NASA Astrophysics Data System}
}

@ARTICLE{merrifield92,
   author = {{Merrifield}, M.~R.},
    title = "{The rotation curve of the Milky Way to 2.5 R$_{0}$ from the thickness of the H I layer}",
  journal = {\aj},
 keywords = {GALACTIC ROTATION, H I REGIONS, MILKY WAY GALAXY, SPIRAL GALAXIES, COMPUTATIONAL ASTROPHYSICS, GALACTIC MASS},
     year = 1992,
    month = may,
   volume = 103,
    pages = {1552-1563},
      doi = {10.1086/116168},
   adsurl = {http://adsabs.harvard.edu/abs/1992AJ....103.1552M},
  adsnote = {Provided by the SAO/NASA Astrophysics Data System}
}

@ARTICLE{micheldansac11,
   author = {{Michel-Dansac}, L. and {Abadi}, M.~G. and {Navarro}, J.~F. and 
	{Steinmetz}, M.},
    title = "{A Sagittarius-induced origin for the Monoceros ring}",
  journal = {\mnras},
archivePrefix = "arXiv",
   eprint = {1102.4463},
 primaryClass = "astro-ph.GA",
 keywords = {galaxies: stellar content, Galaxy: halo, Galaxy: kinematics and dynamics, Galaxy: structure, galaxies: individual: Sagittarius, Local Group},
     year = 2011,
    month = jun,
   volume = 414,
    pages = {L1-L5},
      doi = {10.1111/j.1745-3933.2011.01035.x},
   adsurl = {http://adsabs.harvard.edu/abs/2011MNRAS.414L...1M},
  adsnote = {Provided by the SAO/NASA Astrophysics Data System}
}

@ARTICLE{monaco04,
   author = {{Monaco}, L. and {Bellazzini}, M. and {Ferraro}, F.~R. and {Pancino}, E.
	},
    title = "{The distance to the Sagittarius dwarf spheroidal galaxy from the red giant branch tip}",
  journal = {\mnras},
   eprint = {arXiv:astro-ph/0406350},
 keywords = {stars: Population II, galaxies: distances and redshifts, Local Group},
     year = 2004,
    month = sep,
   volume = 353,
    pages = {874-878},
      doi = {10.1111/j.1365-2966.2004.08122.x},
   adsurl = {http://adsabs.harvard.edu/abs/2004MNRAS.353..874M},
  adsnote = {Provided by the SAO/NASA Astrophysics Data System}
}

@ARTICLE{napolitano11,
   author = {{Napolitano}, N.~R. and {Romanowsky}, A.~J. and {Capaccioli}, M. and 
	{Douglas}, N.~G. and {Arnaboldi}, M. and {Coccato}, L. and {Gerhard}, O. and 
	{Kuijken}, K. and {Merrifield}, M.~R. and {Bamford}, S.~P. and 
	{Cortesi}, A. and {Das}, P. and {Freeman}, K.~C.},
    title = "{The PN.S Elliptical Galaxy Survey: a standard {$\Lambda$}CDM halo around NGC 4374?}",
  journal = {\mnras},
archivePrefix = "arXiv",
   eprint = {1010.1533},
 primaryClass = "astro-ph.CO",
 keywords = {planetary nebulae: general, galaxies: elliptical and lenticular, cD, galaxies: individual: NGC 4374, galaxies: kinematics and dynamics, galaxies: structure, dark matter},
     year = 2011,
    month = mar,
   volume = 411,
    pages = {2035-2053},
      doi = {10.1111/j.1365-2966.2010.17833.x},
   adsurl = {http://adsabs.harvard.edu/abs/2011MNRAS.411.2035N},
  adsnote = {Provided by the SAO/NASA Astrophysics Data System}
}

@ARTICLE{napolitano09,
   author = {{Napolitano}, N.~R. and {Romanowsky}, A.~J. and {Coccato}, L. and 
	{Capaccioli}, M. and {Douglas}, N.~G. and {Noordermeer}, E. and 
	{Gerhard}, O. and {Arnaboldi}, M. and {de Lorenzi}, F. and {Kuijken}, K. and 
	{Merrifield}, M.~R. and {O'Sullivan}, E. and {Cortesi}, A. and 
	{Das}, P. and {Freeman}, K.~C.},
    title = "{The Planetary Nebula Spectrograph elliptical galaxy survey: the dark matter in NGC 4494}",
  journal = {\mnras},
archivePrefix = "arXiv",
   eprint = {0810.1291},
 keywords = {planetary nebulae: general , galaxies: elliptical and lenticular, cD , galaxies: individual: NGC 4494 , galaxies: kinematics and dynamics , galaxies: structure , dark matter},
     year = 2009,
    month = feb,
   volume = 393,
    pages = {329-353},
      doi = {10.1111/j.1365-2966.2008.14053.x},
   adsurl = {http://adsabs.harvard.edu/abs/2009MNRAS.393..329N},
  adsnote = {Provided by the SAO/NASA Astrophysics Data System}
}

@ARTICLE{navarro96,
   author = {{Navarro}, J.~F. and {Frenk}, C.~S. and {White}, S.~D.~M.},
    title = "{The Structure of Cold Dark Matter Halos}",
  journal = {\apj},
   eprint = {arXiv:astro-ph/9508025},
 keywords = {COSMOLOGY: THEORY, COSMOLOGY: DARK MATTER, GALAXIES: HALOS, METHODS: NUMERICAL},
     year = 1996,
    month = may,
   volume = 462,
    pages = {563},
      doi = {10.1086/177173},
   adsurl = {http://adsabs.harvard.edu/abs/1996ApJ...462..563N},
  adsnote = {Provided by the SAO/NASA Astrophysics Data System}
}

@ARTICLE{newberg02,
   author = {{Newberg}, H.~J. and {Yanny}, B. and {Rockosi}, C. and {Grebel}, E.~K. and 
	{Rix}, H.-W. and {Brinkmann}, J. and {Csabai}, I. and {Hennessy}, G. and 
	{Hindsley}, R.~B. and {Ibata}, R. and {Ivezi{\'c}}, Z. and {Lamb}, D. and 
	{Nash}, E.~T. and {Odenkirchen}, M. and {Rave}, H.~A. and {Schneider}, D.~P. and 
	{Smith}, J.~A. and {Stolte}, A. and {York}, D.~G.},
    title = "{The Ghost of Sagittarius and Lumps in the Halo of the Milky Way}",
  journal = {\apj},
   eprint = {arXiv:astro-ph/0111095},
 keywords = {Galaxy: Halo, Galaxy: Structure},
     year = 2002,
    month = apr,
   volume = 569,
    pages = {245-274},
      doi = {10.1086/338983},
   adsurl = {http://adsabs.harvard.edu/abs/2002ApJ...569..245N},
  adsnote = {Provided by the SAO/NASA Astrophysics Data System}
}

@ARTICLE{odenkirchen02,
   author = {{Odenkirchen}, M. and {Grebel}, E.~K. and {Dehnen}, W. and {Rix}, H.-W. and 
	{Cudworth}, K.~M.},
    title = "{Kinematic Study of the Disrupting Globular Cluster Palomar 5 Using VLT Spectra}",
  journal = {\aj},
   eprint = {arXiv:astro-ph/0206276},
 keywords = {Galaxy: Globular Clusters: Individual: Name: Palomar 5, Stars: Kinematics},
     year = 2002,
    month = sep,
   volume = 124,
    pages = {1497-1510},
      doi = {10.1086/342287},
   adsurl = {http://adsabs.harvard.edu/abs/2002AJ....124.1497O},
  adsnote = {Provided by the SAO/NASA Astrophysics Data System}
}

@ARTICLE{oort32,
   author = {{Oort}, J.~H.},
    title = "{The force exerted by the stellar system in the direction perpendicular to the galactic plane and some related problems}",
  journal = {\bain},
     year = 1932,
    month = aug,
   volume = 6,
    pages = {249},
   adsurl = {http://adsabs.harvard.edu/abs/1932BAN.....6..249O},
  adsnote = {Provided by the SAO/NASA Astrophysics Data System}
}

@ARTICLE{penarrubia12,
   author = {{Pe{\~n}arrubia}, J. and {Koposov}, S.~E. and {Walker}, M.~G.
	},
    title = "{A Statistical Method for Measuring the Galactic Potential and Testing Gravity with Cold Tidal Streams}",
  journal = {\apj},
archivePrefix = "arXiv",
   eprint = {1209.2126},
 primaryClass = "astro-ph.GA",
 keywords = {dark matter, Galaxy: kinematics and dynamics, Galaxy: structure, methods: statistical},
     year = 2012,
    month = nov,
   volume = 760,
      eid = {2},
    pages = {2},
      doi = {10.1088/0004-637X/760/1/2},
   adsurl = {http://adsabs.harvard.edu/abs/2012ApJ...760....2P},
  adsnote = {Provided by the SAO/NASA Astrophysics Data System}
}

@ARTICLE{pontzen12,
   author = {{Pontzen}, A. and {Governato}, F.},
    title = "{How supernova feedback turns dark matter cusps into cores}",
  journal = {\mnras},
archivePrefix = "arXiv",
   eprint = {1106.0499},
 primaryClass = "astro-ph.CO",
 keywords = {galaxies: dwarf, dark matter},
     year = 2012,
    month = apr,
   volume = 421,
    pages = {3464-3471},
      doi = {10.1111/j.1365-2966.2012.20571.x},
   adsurl = {http://adsabs.harvard.edu/abs/2012MNRAS.421.3464P},
  adsnote = {Provided by the SAO/NASA Astrophysics Data System}
}

@ARTICLE{apw13,
   author = {{Price-Whelan}, A.~M. and {Johnston}, K.~V.},
    title = "{Spitzer, Gaia, and the Potential of the Milky Way}",
  journal = {\apjl},
archivePrefix = "arXiv",
   eprint = {1308.2670},
 primaryClass = "astro-ph.CO",
 keywords = {dark matter, Galaxy: halo, Galaxy: structure },
     year = 2013,
    month = nov,
   volume = 778,
      eid = {L12},
    pages = {L12},
      doi = {10.1088/2041-8205/778/1/L12},
   adsurl = {http://adsabs.harvard.edu/abs/2013ApJ...778L..12P},
  adsnote = {Provided by the SAO/NASA Astrophysics Data System}
}


@ARTICLE{purcell11,
   author = {{Purcell}, C.~W. and {Bullock}, J.~S. and {Tollerud}, E.~J. and 
	{Rocha}, M. and {Chakrabarti}, S.},
    title = "{The Sagittarius impact as an architect of spirality and outer rings in the Milky Way}",
  journal = {\nat},
archivePrefix = "arXiv",
   eprint = {1109.2918},
 primaryClass = "astro-ph.GA",
     year = 2011,
    month = sep,
   volume = 477,
    pages = {301-303},
      doi = {10.1038/nature10417},
   adsurl = {http://adsabs.harvard.edu/abs/2011Natur.477..301P},
  adsnote = {Provided by the SAO/NASA Astrophysics Data System}
}

@ARTICLE{rochapinto04,
   author = {{Rocha-Pinto}, H.~J. and {Majewski}, S.~R. and {Skrutskie}, M.~F. and 
	{Crane}, J.~D. and {Patterson}, R.~J.},
    title = "{Exploring Halo Substructure with Giant Stars: A Diffuse Star Cloud or Tidal Debris around the Milky Way in Triangulum-Andromeda}",
  journal = {\apj},
   eprint = {arXiv:astro-ph/0405437},
 keywords = {Galaxies: Interactions, Galaxy: Disk, Galaxy: Structure},
     year = 2004,
    month = nov,
   volume = 615,
    pages = {732-737},
      doi = {10.1086/424585},
   adsurl = {http://adsabs.harvard.edu/abs/2004ApJ...615..732R},
  adsnote = {Provided by the SAO/NASA Astrophysics Data System}
}

@ARTICLE{rubin70,
   author = {{Rubin}, V.~C. and {Ford}, Jr., W.~K.},
    title = "{Rotation of the Andromeda Nebula from a Spectroscopic Survey of Emission Regions}",
  journal = {\apj},
     year = 1970,
    month = feb,
   volume = 159,
    pages = {379},
      doi = {10.1086/150317},
   adsurl = {http://adsabs.harvard.edu/abs/1970ApJ...159..379R},
  adsnote = {Provided by the SAO/NASA Astrophysics Data System}
}

@ARTICLE{sanders13a,
   author = {{Sanders}, J.~L. and {Binney}, J.},
    title = "{Stream-orbit misalignment - I. The dangers of orbit-fitting}",
  journal = {\mnras},
archivePrefix = "arXiv",
   eprint = {1305.1935},
 primaryClass = "astro-ph.GA",
 keywords = {Galaxy: halo, Galaxy: kinematics and dynamics, Galaxy: structure, galaxies: kinematics and dynamics},
     year = 2013,
    month = aug,
   volume = 433,
    pages = {1813-1825},
      doi = {10.1093/mnras/stt806},
   adsurl = {http://adsabs.harvard.edu/abs/2013MNRAS.433.1813S},
  adsnote = {Provided by the SAO/NASA Astrophysics Data System}
}

@ARTICLE{sanders13b,
   author = {{Sanders}, J.~L. and {Binney}, J.},
    title = "{Stream-orbit misalignment - II. A new algorithm to constrain the Galactic potential}",
  journal = {\mnras},
archivePrefix = "arXiv",
   eprint = {1305.1937},
 primaryClass = "astro-ph.GA",
 keywords = {methods: numerical, Galaxy: halo, Galaxy: kinematics and dynamics, Galaxy: structure, galaxies: kinematics and dynamics},
     year = 2013,
    month = aug,
   volume = 433,
    pages = {1826-1836},
      doi = {10.1093/mnras/stt816},
   adsurl = {http://adsabs.harvard.edu/abs/2013MNRAS.433.1826S},
  adsnote = {Provided by the SAO/NASA Astrophysics Data System}
}

@ARTICLE{sesar10,
   author = {{Sesar}, B. and {Ivezi{\'c}}, {\v Z}. and {Grammer}, S.~H. and 
	{Morgan}, D.~P. and {Becker}, A.~C. and {Juri{\'c}}, M. and 
	{De Lee}, N. and {Annis}, J. and {Beers}, T.~C. and {Fan}, X. and 
	{Lupton}, R.~H. and {Gunn}, J.~E. and {Knapp}, G.~R. and {Jiang}, L. and 
	{Jester}, S. and {Johnston}, D.~E. and {Lampeitl}, H.},
    title = "{Light Curve Templates and Galactic Distribution of RR Lyrae Stars from Sloan Digital Sky Survey Stripe 82}",
  journal = {\apj},
archivePrefix = "arXiv",
   eprint = {0910.4611},
 primaryClass = "astro-ph.GA",
 keywords = {Galaxy: halo, Galaxy: stellar content, Galaxy: structure, methods: data analysis, stars: horizontal-branch, stars: statistics, stars: variables: other},
     year = 2010,
    month = jan,
   volume = 708,
    pages = {717-741},
      doi = {10.1088/0004-637X/708/1/717},
   adsurl = {http://adsabs.harvard.edu/abs/2010ApJ...708..717S},
  adsnote = {Provided by the SAO/NASA Astrophysics Data System}
}

@ARTICLE{sesar13,
   author = {{Sesar}, B. and {Grillmair}, C.~J. and {Cohen}, J.~G. and {Bellm}, E.~C. and 
	{Bhalerao}, V.~B. and {Levitan}, D. and {Laher}, R.~R. and {Ofek}, E.~O. and 
	{Surace}, J.~A. and {Tang}, S. and {Waszczak}, A. and {Kulkarni}, S.~R. and 
	{Prince}, T.~A.},
    title = "{Tracing the Orphan Stream to 55 kpc with RR Lyrae Stars}",
  journal = {ArXiv e-prints},
archivePrefix = "arXiv",
   eprint = {1308.0857},
 primaryClass = "astro-ph.GA",
 keywords = {Astrophysics - Galaxy Astrophysics},
     year = 2013,
    month = aug,
   adsurl = {http://adsabs.harvard.edu/abs/2013arXiv1308.0857S},
  adsnote = {Provided by the SAO/NASA Astrophysics Data System}
}

@article{shannon1948,
  added-at = {2013-02-27T08:21:47.000+0100},
  author = {Shannon, Claude E.},
  biburl = {http://www.bibsonomy.org/bibtex/2b6bc42c140f0147cd6a1781d75fcb897/jaeschke},
  interhash = {754130207906fcec16a53d330eeff348},
  intrahash = {b6bc42c140f0147cd6a1781d75fcb897},
  journal = {The Bell System Technical Journal},
  keywords = {communication entropy information shannon toread},
  month = {July, October},
  pages = {379--423, 623--656},
  timestamp = {2013-02-27T08:21:47.000+0100},
  title = {A Mathematical Theory of Communication},
  url = {http://cm.bell-labs.com/cm/ms/what/shannonday/shannon1948.pdf},
  volume = 27,
  year = 1948
}

@ARTICLE{shapley18,
   author = {{Shapley}, H.},
    title = "{Studies based on the colors and magnitudes in stellar clusters. VII. The distances, distribution in space, and dimensions of 69 globular clusters.}",
  journal = {\apj},
     year = 1918,
    month = oct,
   volume = 48,
    pages = {154-181},
      doi = {10.1086/142423},
   adsurl = {http://adsabs.harvard.edu/abs/1918ApJ....48..154S},
  adsnote = {Provided by the SAO/NASA Astrophysics Data System}
}

@ARTICLE{totten98,
   author = {{Totten}, E.~J. and {Irwin}, M.~J.},
    title = "{The APM survey for cool carbon stars in the Galactic halo. I}",
  journal = {\mnras},
 keywords = {CARBON STARS, COOL STARS, GALACTIC HALOS, SKY SURVEYS (ASTRONOMY), MILKY WAY GALAXY, STELLAR SPECTROPHOTOMETRY, STAR FORMATION},
     year = 1998,
    month = feb,
   volume = 294,
    pages = {1},
      doi = {10.1046/j.1365-8711.1998.01086.x},
   adsurl = {http://adsabs.harvard.edu/abs/1998MNRAS.294....1T},
  adsnote = {Provided by the SAO/NASA Astrophysics Data System}
}

@ARTICLE{unwin08,
   author = {{Unwin}, S.~C. and {Shao}, M. and {Tanner}, A.~M. and {Allen}, R.~J. and 
	{Beichman}, C.~A. and {Boboltz}, D. and {Catanzarite}, J.~H. and 
	{Chaboyer}, B.~C. and {Ciardi}, D.~R. and {Edberg}, S.~J. and 
	{Fey}, A.~L. and {Fischer}, D.~A. and {Gelino}, C.~R. and {Gould}, A.~P. and 
	{Grillmair}, C. and {Henry}, T.~J. and {Johnston}, K.~V. and 
	{Johnston}, K.~J. and {Jones}, D.~L. and {Kulkarni}, S.~R. and 
	{Law}, N.~M. and {Majewski}, S.~R. and {Makarov}, V.~V. and 
	{Marcy}, G.~W. and {Meier}, D.~L. and {Olling}, R.~P. and {Pan}, X. and 
	{Patterson}, R.~J. and {Pitesky}, J.~E. and {Quirrenbach}, A. and 
	{Shaklan}, S.~B. and {Shaya}, E.~J. and {Strigari}, L.~E. and 
	{Tomsick}, J.~A. and {Wehrle}, A.~E. and {Worthey}, G.},
    title = "{Taking the Measure of the Universe: Precision Astrometry with SIM PlanetQuest}",
  journal = {\pasp},
archivePrefix = "arXiv",
   eprint = {0708.3953},
 keywords = {Astronomical Techniques},
     year = 2008,
    month = jan,
   volume = 120,
    pages = {38-88},
      doi = {10.1086/525059},
   adsurl = {http://adsabs.harvard.edu/abs/2008PASP..120...38U},
  adsnote = {Provided by the SAO/NASA Astrophysics Data System}
}

@ARTICLE{varghese11,
   author = {{Varghese}, A. and {Ibata}, R. and {Lewis}, G.~F.},
    title = "{Stellar streams as probes of dark halo mass and morphology: a Bayesian reconstruction}",
  journal = {\mnras},
archivePrefix = "arXiv",
   eprint = {1106.1765},
 primaryClass = "astro-ph.GA",
 keywords = {gravitation, dark matter},
     year = 2011,
    month = oct,
   volume = 417,
    pages = {198-215},
      doi = {10.1111/j.1365-2966.2011.19097.x},
   adsurl = {http://adsabs.harvard.edu/abs/2011MNRAS.417..198V},
  adsnote = {Provided by the SAO/NASA Astrophysics Data System}
}

@ARTICLE{vegetti10,
   author = {{Vegetti}, S. and {Koopmans}, L.~V.~E. and {Bolton}, A. and 
	{Treu}, T. and {Gavazzi}, R.},
    title = "{Detection of a dark substructure through gravitational imaging}",
  journal = {\mnras},
archivePrefix = "arXiv",
   eprint = {0910.0760},
 primaryClass = "astro-ph.CO",
 keywords = {gravitational lensing: strong, galaxies: structure},
     year = 2010,
    month = nov,
   volume = 408,
    pages = {1969-1981},
      doi = {10.1111/j.1365-2966.2010.16865.x},
   adsurl = {http://adsabs.harvard.edu/abs/2010MNRAS.408.1969V},
  adsnote = {Provided by the SAO/NASA Astrophysics Data System}
}

@ARTICLE{velazquez95,
   author = {{Velazquez}, H. and {White}, S.~D.~M.},
    title = "{On the dynamics of the Sagittarius dwarf galaxy}",
  journal = {\mnras},
   eprint = {arXiv:astro-ph/9503022},
 keywords = {METHODS: NUMERICAL, GALAXIES: INDIVIDUAL: SAGITTARIUS DSPH, GALAXIES: KINEMATICS AND DYNAMICS},
     year = 1995,
    month = aug,
   volume = 275,
    pages = {L23-L26},
   adsurl = {http://adsabs.harvard.edu/abs/1995MNRAS.275L..23V},
  adsnote = {Provided by the SAO/NASA Astrophysics Data System}
}

@ARTICLE{veraciro11,
   author = {{Vera-Ciro}, C.~A. and {Sales}, L.~V. and {Helmi}, A. and {Frenk}, C.~S. and 
	{Navarro}, J.~F. and {Springel}, V. and {Vogelsberger}, M. and 
	{White}, S.~D.~M.},
    title = "{The shape of dark matter haloes in the Aquarius simulations: evolution and memory}",
  journal = {\mnras},
archivePrefix = "arXiv",
   eprint = {1104.1566},
 primaryClass = "astro-ph.CO",
 keywords = {galaxies: evolution, galaxies: formation, galaxies: haloes, dark matter},
     year = 2011,
    month = sep,
   volume = 416,
    pages = {1377-1391},
      doi = {10.1111/j.1365-2966.2011.19134.x},
   adsurl = {http://adsabs.harvard.edu/abs/2011MNRAS.416.1377V},
  adsnote = {Provided by the SAO/NASA Astrophysics Data System}
}


@ARTICLE{vivas05,
   author = {{Vivas}, A.~K. and {Zinn}, R. and {Gallart}, C.},
    title = "{VLT Spectroscopy of RR Lyrae Stars in the Sagittarius Tidal Stream}",
  journal = {\aj},
 keywords = {Galaxies: Individual: Name: Sagittarius, Stars: Abundances, Stars: Kinematics, Stars: Variables: Other},
     year = 2005,
    month = jan,
   volume = 129,
    pages = {189-200},
      doi = {10.1086/426561},
   adsurl = {http://adsabs.harvard.edu/abs/2005AJ....129..189V},
  adsnote = {Provided by the SAO/NASA Astrophysics Data System}
}

@ARTICLE{zwicky37,
   author = {{Zwicky}, F.},
    title = "{On the Masses of Nebulae and of Clusters of Nebulae}",
  journal = {\apj},
     year = 1937,
    month = oct,
   volume = 86,
    pages = {217},
      doi = {10.1086/143864},
   adsurl = {http://adsabs.harvard.edu/abs/1937ApJ....86..217Z},
  adsnote = {Provided by the SAO/NASA Astrophysics Data System}
}

@ARTICLE{zwicky33,
   author = {{Zwicky}, F.},
    title = "{Die Rotverschiebung von extragalaktischen Nebeln}",
  journal = {Helvetica Physica Acta},
     year = 1933,
   volume = 6,
    pages = {110-127},
   adsurl = {http://adsabs.harvard.edu/abs/1933AcHPh...6..110Z},
  adsnote = {Provided by the SAO/NASA Astrophysics Data System}
}
